<record><leader>00000cas a2200000 a 4500</leader><controlfield tag="001">341259026</controlfield><controlfield tag="008">090522u1939uuuupauen ne     s0    0eng c</controlfield><datafield ind1=" " ind2=" " tag="010"><subfield code="a">  2009264093</subfield></datafield><datafield ind1=" " ind2=" " tag="040"><subfield code="a">UPM</subfield><subfield code="b">eng</subfield><subfield code="c">UPM</subfield><subfield code="d">UPM</subfield><subfield code="d">OCLCQ</subfield><subfield code="d">UPM</subfield></datafield><datafield ind1=" " ind2=" " tag="042"><subfield code="a">pcc</subfield></datafield><datafield ind1=" " ind2=" " tag="043"><subfield code="a">n-us-pa</subfield></datafield><datafield ind1="1" ind2="4" tag="050"><subfield code="a">LD4481.P88</subfield><subfield code="b">A48</subfield></datafield><datafield ind1="0" ind2="4" tag="245"><subfield code="a">The Altoona collegian.</subfield></datafield><datafield ind1="1" ind2="3" tag="246"><subfield code="a">Penn State Altoona collegian</subfield></datafield><datafield ind1=" " ind2=" " tag="260"><subfield code="a">Altoona, Pa. :</subfield><subfield code="b">Published by the students of the Altoona Undergraduate Center of the Pennsylvania State College</subfield></datafield><datafield ind1=" " ind2=" " tag="300"><subfield code="a">v. :</subfield><subfield code="b">ill. ;</subfield><subfield code="c">28-44 cm.</subfield></datafield><datafield ind1=" " ind2=" " tag="310"><subfield code="a">Biweekly (during the academic year),</subfield><subfield code="b">&lt;Mar. 21, 1988-&gt;</subfield></datafield><datafield ind1=" " ind2=" " tag="321"><subfield code="a">Frequency varies</subfield></datafield><datafield ind1="1" ind2=" " tag="362"><subfield code="a">Began with vol. 1, no. 1 (Nov. 7, 1939).</subfield></datafield><datafield ind1=" " ind2=" " tag="515"><subfield code="a">Irregularities in numbering; some issues unnumbered and undated; volume numbering begins anew in 1959.</subfield></datafield><datafield ind1=" " ind2=" " tag="588"><subfield code="a">Description based on: Vol. 1, no. 1 (Nov. 7, 1939); title from caption.</subfield></datafield><datafield ind1=" " ind2=" " tag="588"><subfield code="a">Latest issue consulted: Vol. 35, no. 1 (Sept. 22, 1994).</subfield></datafield><datafield ind1="2" ind2="0" tag="610"><subfield code="a">Pennsylvania State College.</subfield><subfield code="b">Altoona Undergraduate Center</subfield><subfield code="v">Newspapers.</subfield></datafield><datafield ind1="2" ind2="0" tag="610"><subfield code="a">Pennsylvania State University.</subfield><subfield code="b">Altoona Undergraduate Center</subfield><subfield code="v">Newspapers.</subfield></datafield><datafield ind1="2" ind2="0" tag="610"><subfield code="a">Pennsylvania State University.</subfield><subfield code="b">Altoona Campus</subfield><subfield code="x">Students</subfield><subfield code="v">Newspapers.</subfield></datafield><datafield ind1=" " ind2="0" tag="651"><subfield code="a">Altoona (Pa.)</subfield><subfield code="v">Newspapers.</subfield></datafield><datafield ind1=" " ind2="0" tag="650"><subfield code="a">College student newspapers and periodicals</subfield><subfield code="z">Pennsylvania</subfield><subfield code="z">Altoona.</subfield></datafield><datafield ind1="2" ind2=" " tag="710"><subfield code="a">Pennsylvania State College.</subfield><subfield code="b">Altoona Undergraduate Center.</subfield></datafield><datafield ind1="2" ind2=" " tag="710"><subfield code="a">Pennsylvania State University.</subfield><subfield code="b">Altoona Undergraduate Center.</subfield></datafield><datafield ind1="2" ind2=" " tag="710"><subfield code="a">Pennsylvania State University.</subfield><subfield code="b">Altoona Campus.</subfield></datafield><datafield ind1=" " ind2=" " tag="752"><subfield code="a">United States</subfield><subfield code="b">Pennsylvania</subfield><subfield code="c">Blair</subfield><subfield code="d">Altoona.</subfield></datafield></record>